@article{Holmes2021how,
  title={How Long Does It Take for a Voice to Become Familiar? Speech Intelligibility and Voice Recognition Are Differentially Sensitive to Voice Training
}
  author={Holmes, Emma and To, Grace and Johnsrude, Ingrid},
  journal={Psychological science},
  volume={32},
  number={06},
  pages={903--915}, year={2021},
  publisher={SAGE Publications Sage CA: Los Angeles, CA}
}
